[gd_scene load_steps=5 format=2]

[ext_resource path="res://scenes/menu.gd" type="Script" id=1]
[ext_resource path="res://assets/fonts/Kata.ttf" type="DynamicFontData" id=2]
[ext_resource path="res://scenes/kata.tres" type="Theme" id=3]

[sub_resource type="DynamicFont" id=1]
size = 44
font_data = ExtResource( 2 )

[node name="Control" type="Control"]
anchor_right = 1.0
anchor_bottom = 1.0
margin_left = -2.55662
margin_top = 4.67723
margin_right = -2.55661
margin_bottom = 4.67725
script = ExtResource( 1 )

[node name="CenterContainer" type="CenterContainer" parent="."]
margin_left = -0.926178
margin_top = -7.88616
margin_right = 505.074
margin_bottom = 499.114

[node name="GridContainer" type="GridContainer" parent="CenterContainer"]
margin_left = 160.0
margin_top = 96.0
margin_right = 346.0
margin_bottom = 411.0

[node name="Label" type="Label" parent="CenterContainer/GridContainer"]
margin_right = 186.0
margin_bottom = 45.0
custom_fonts/font = SubResource( 1 )
text = "Minesweeper"
align = 1
valign = 1

[node name="Control" type="Control" parent="CenterContainer/GridContainer"]
margin_top = 49.0
margin_right = 186.0
margin_bottom = 99.0
rect_min_size = Vector2( 0, 50 )

[node name="Small" type="Button" parent="CenterContainer/GridContainer"]
margin_top = 103.0
margin_right = 186.0
margin_bottom = 130.0
theme = ExtResource( 3 )
text = "Small"

[node name="Control2" type="Control" parent="CenterContainer/GridContainer"]
margin_top = 134.0
margin_right = 186.0
margin_bottom = 149.0
rect_min_size = Vector2( 0, 15 )

[node name="Medium" type="Button" parent="CenterContainer/GridContainer"]
margin_top = 153.0
margin_right = 186.0
margin_bottom = 180.0
theme = ExtResource( 3 )
text = "Medium"

[node name="Control3" type="Control" parent="CenterContainer/GridContainer"]
margin_top = 184.0
margin_right = 186.0
margin_bottom = 199.0
rect_min_size = Vector2( 0, 15 )

[node name="Large" type="Button" parent="CenterContainer/GridContainer"]
margin_top = 203.0
margin_right = 186.0
margin_bottom = 230.0
theme = ExtResource( 3 )
text = "Large"

[node name="Control4" type="Control" parent="CenterContainer/GridContainer"]
margin_top = 234.0
margin_right = 186.0
margin_bottom = 284.0
rect_min_size = Vector2( 0, 50 )

[node name="Quit" type="Button" parent="CenterContainer/GridContainer"]
margin_top = 288.0
margin_right = 186.0
margin_bottom = 315.0
theme = ExtResource( 3 )
text = "Quit"
[connection signal="button_down" from="CenterContainer/GridContainer/Small" to="." method="small"]
[connection signal="button_down" from="CenterContainer/GridContainer/Medium" to="." method="medium"]
[connection signal="button_down" from="CenterContainer/GridContainer/Large" to="." method="large"]
[connection signal="button_down" from="CenterContainer/GridContainer/Quit" to="." method="_on_Quit_button_down"]
